@article{nnue:2018,
  title={NNUE: Efficiently Updatable Neural-Network-based Evaluation Functions for Computer Shogi},
  author={Yu Nasu},
  year={2018},
  journal={Ziosoft Computer Shogi Club},
  url={https://www.apply.computer-shogi.org/wcsc28/appeal/the_end_of_genesis_T.N.K.evolution_turbo_type_D/nnue.pdf}
}

@misc{nnue-pytorch,
  title={nnue.md},
  url={https://github.com/official-stockfish/nnue-pytorch/blob/master/docs/nnue.md},
  journal={GitHub},
  author={Official Stockfish}
}
